<collection xmlns="http://www.loc.gov/MARC21/slim">
   <record>
      <leader>02747cam a2200469 i 4500</leader>
      <controlfield tag="001">6813064</controlfield>
      <controlfield tag="005">20141114120547.0</controlfield>
      <controlfield tag="006">m     o  d        </controlfield>
      <controlfield tag="007">cr cn|||||||||</controlfield>
      <controlfield tag="008">141113s2015    ncuab   ob    001 0 eng d</controlfield>
      <datafield ind1=" " ind2=" " tag="020">
         <subfield code="a">9780822377214</subfield>
      </datafield>
      <datafield ind1=" " ind2=" " tag="020">
         <subfield code="a">0822377217</subfield>
      </datafield>
      <datafield ind1=" " ind2=" " tag="020">
         <subfield code="z">9780822355533 (pbk. : alk. paper)</subfield>
      </datafield>
      <datafield ind1=" " ind2=" " tag="020">
         <subfield code="z">0822355531 (pbk. : alk. paper)</subfield>
      </datafield>
      <datafield ind1=" " ind2=" " tag="035">
         <subfield code="a">ocn895230980</subfield>
      </datafield>
      <datafield ind1=" " ind2=" " tag="039">
         <subfield code="a">exclude</subfield>
      </datafield>
      <datafield ind1=" " ind2=" " tag="040">
         <subfield code="a">NDD</subfield>
         <subfield code="b">eng</subfield>
         <subfield code="e">rda</subfield>
         <subfield code="c">NDD</subfield>
         <subfield code="d">NDD</subfield>
         <subfield code="d">AEU</subfield>
      </datafield>
      <datafield ind1=" " ind2="4" tag="050">
         <subfield code="a">HQ75.6.U5</subfield>
         <subfield code="b">N49 2014</subfield>
      </datafield>
      <datafield ind1=" " ind2=" " tag="090">
         <subfield code="a">Internet Access</subfield>
         <subfield code="b">AEU</subfield>
      </datafield>
      <datafield ind1="1" ind2=" " tag="100">
         <subfield code="a">Newton, Esther.</subfield>
         <subfield code="0">http://id.loc.gov/authorities/names/n79089928</subfield>
         <subfield code="0">http://viaf.org/viaf/235776</subfield>
      </datafield>
      <datafield ind1="1" ind2="0" tag="245">
         <subfield code="a">Cherry Grove, fire island :</subfield>
         <subfield code="b">sixty years in America's first gay and lesbian town /</subfield>
         <subfield code="c">Esther Newton, with a new preface.</subfield>
      </datafield>
      <datafield ind1=" " ind2="1" tag="264">
         <subfield code="a">Durham ;</subfield>
         <subfield code="a">London :</subfield>
         <subfield code="b">Duke University Press,</subfield>
         <subfield code="c">2014.</subfield>
      </datafield>
      <datafield ind1=" " ind2=" " tag="300">
         <subfield code="a">1 online resource (xxiv, 378 pages) :</subfield>
         <subfield code="b">illustrations, maps</subfield>
      </datafield>
      <datafield ind1=" " ind2=" " tag="336">
         <subfield code="a">text</subfield>
         <subfield code="b">txt</subfield>
         <subfield code="2">rdacontent</subfield>
         <subfield code="0">http://id.loc.gov/vocabulary/contentTypes/txt</subfield>
      </datafield>
      <datafield ind1=" " ind2=" " tag="337">
         <subfield code="a">computer</subfield>
         <subfield code="b">c</subfield>
         <subfield code="2">rdamedia</subfield>
         <subfield code="0">http://id.loc.gov/vocabulary/mediaTypes/c</subfield>
      </datafield>
      <datafield ind1=" " ind2=" " tag="338">
         <subfield code="a">online resource</subfield>
         <subfield code="b">cr</subfield>
         <subfield code="2">rdacarrier</subfield>
         <subfield code="0">http://id.loc.gov/vocabulary/carriers/cr</subfield>
      </datafield>
      <datafield ind1=" " ind2=" " tag="504">
         <subfield code="a">Includes bibliographical references and index.</subfield>
      </datafield>
      <datafield ind1="0" ind2=" " tag="505">
         <subfield code="a">How the Grove became gay : 1936-1945 -- Built upon the sand? -- The gay country club : 1946-1959 -- The battle for the beach -- Conviviality and camp -- Trouble in paradise -- The nation takes shape : 1960-1969 -- The rise of gay commercialism -- The geometry of gay prejudice -- Plays, parties, and sex -- The "Lithuanians" and the "doughnut rack" : the lesbian minority : 1936-1980 -- The "fun gay ladies" -- Just one of the "boys"? -- The Grove after stonewall : 1970-1980 -- The ad hoc committee to save Cherry Grove -- Bored on the Fourth of July.</subfield>
      </datafield>
      <datafield ind1=" " ind2=" " tag="506">
         <subfield code="a">Access restricted to authorized users and institutions.</subfield>
      </datafield>
      <datafield ind1=" " ind2=" " tag="588">
         <subfield code="a">Description based on print version record.</subfield>
      </datafield>
      <datafield ind1=" " ind2=" " tag="596">
         <subfield code="a">44</subfield>
      </datafield>
      <datafield ind1=" " ind2="0" tag="650">
         <subfield code="a">Lesbians</subfield>
         <subfield code="z">New York (State)</subfield>
         <subfield code="z">Cherry Grove</subfield>
         <subfield code="x">History.</subfield>
      </datafield>
      <datafield ind1=" " ind2="0" tag="650">
         <subfield code="a">Gay men</subfield>
         <subfield code="z">New York (State)</subfield>
         <subfield code="z">Cherry Grove</subfield>
         <subfield code="x">History.</subfield>
      </datafield>
      <datafield ind1=" " ind2="0" tag="650">
         <subfield code="a">Gays</subfield>
         <subfield code="z">New York (State)</subfield>
         <subfield code="z">Fire Island (Island)</subfield>
         <subfield code="x">History.</subfield>
      </datafield>
      <datafield ind1=" " ind2="0" tag="650">
         <subfield code="a">Gay community</subfield>
         <subfield code="z">New York (State)</subfield>
         <subfield code="z">Fire Island (Island)</subfield>
         <subfield code="x">History.</subfield>
      </datafield>
      <datafield ind1=" " ind2="0" tag="650">
         <subfield code="a">Lesbian community</subfield>
         <subfield code="z">New York (State)</subfield>
         <subfield code="z">Fire Island (Island)</subfield>
         <subfield code="x">History.</subfield>
      </datafield>
      <datafield ind1=" " ind2="0" tag="655">
         <subfield code="a">Electronic books.</subfield>
         <subfield code="0">http://id.loc.gov/authorities/subjects/sh93007047</subfield>
      </datafield>
      <datafield ind1=" " ind2=" " tag="758">
         <subfield code="0">http://worldcat.org/entity/work/id/412872</subfield>
      </datafield>
      <datafield ind1="0" ind2=" " tag="787">
         <subfield code="n">OCLC Work Id</subfield>
         <subfield code="o">http://worldcat.org/entity/work/id/412872</subfield>
      </datafield>
      <datafield ind1="4" ind2="0" tag="856">
         <subfield code="3">University of Alberta Access</subfield>
         <subfield code="u">http://dx.doi.org/10.1215/9780822377214</subfield>
      </datafield>
      <datafield ind1=" " ind2=" " tag="949">
         <subfield code="h">UAIN</subfield>
         <subfield code="z">DUKE</subfield>
      </datafield>
      <datafield ind1=" " ind2=" " tag="926">
         <subfield code="a">Internet Access</subfield>
         <subfield code="w">LC</subfield>
         <subfield code="c">1</subfield>
         <subfield code="i">6813064-1001</subfield>
         <subfield code="l">INTERNET</subfield>
         <subfield code="m">UAINTERNET</subfield>
         <subfield code="r">Y</subfield>
         <subfield code="s">Y</subfield>
         <subfield code="t">E-RESOURCE</subfield>
         <subfield code="u">2/27/2015</subfield>
         <subfield code="x">E-BOOK</subfield>
         <subfield code="z">DUKE</subfield>
      </datafield>
   </record>
</collection>
